@article{DBLP:journals/corr/abs-1711-10055,
  author    = {Sumeet Singh and
               Jonathan Lacotte and
               Anirudha Majumdar and
               Marco Pavone},
  title     = {{R}isk-sensitive {I}nverse {R}einforcement {L}earning via {S}emi- and {N}on-{P}arametric
               {M}ethods},
  journal   = {CoRR},
  volume    = {abs/1711.10055},
  year      = {2017},
  url       = {http://arxiv.org/abs/1711.10055},
  archivePrefix = {arXiv},
  eprint    = {1711.10055},
  timestamp = {Mon, 04 Dec 2017 18:34:59 +0100},
  biburl    = {http://dblp.org/rec/bib/journals/corr/abs-1711-10055},
  bibsource = {dblp computer science bibliography, http://dblp.org}
}

@article{DBLP:journals/corr/abs-1710-11040,
  author    = {Anirudha Majumdar and
               Marco Pavone},
  title     = {{H}ow {S}hould a {R}obot {A}ssess {R}isk? {T}owards an {A}xiomatic {T}heory of {R}isk
               in {R}obotics},
  journal   = {CoRR},
  volume    = {abs/1710.11040},
  year      = {2017},
  url       = {http://arxiv.org/abs/1710.11040},
  archivePrefix = {arXiv},
  eprint    = {1710.11040},
  timestamp = {Thu, 02 Nov 2017 14:25:36 +0100},
  biburl    = {http://dblp.org/rec/bib/journals/corr/abs-1710-11040},
  bibsource = {dblp computer science bibliography, http://dblp.org}
}

@article{DBLP:journals/corr/abs-1709-06196,
  author    = {Zachary Sunberg and
               Mykel J. Kochenderfer},
  title     = {{POMCPOW:} An online algorithm for {P}{O}{M}{D}{P}s with continuous state, action,
               and observation spaces},
  journal   = {CoRR},
  volume    = {abs/1709.06196},
  year      = {2017},
  url       = {http://arxiv.org/abs/1709.06196},
  archivePrefix = {arXiv},
  eprint    = {1709.06196},
  timestamp = {Thu, 05 Oct 2017 09:42:52 +0200},
  biburl    = {http://dblp.org/rec/bib/journals/corr/abs-1709-06196},
  bibsource = {dblp computer science bibliography, http://dblp.org}
}
